<?xml version="1.0" encoding="UTF-8"?><record xmlns="http://www.loc.gov/MARC21/slim" xmlns:cinclude="http://apache.org/cocoon/include/1.0" xmlns:zs="http://www.loc.gov/zing/srw/">
  <leader>00456nz  a2200145n  4500</leader>
  <controlfield tag="001">no2011100229</controlfield>
  <controlfield tag="003">DLC</controlfield>
  <controlfield tag="005">20110701075249.0</controlfield>
  <controlfield tag="008">110629n| acannaabn          |a aaa     c</controlfield>
  <datafield tag="010" ind1=" " ind2=" ">
    <subfield code="a">no2011100229</subfield>
  </datafield>
  <datafield tag="035" ind1=" " ind2=" ">
    <subfield code="a">(OCoLC)oca08900391</subfield>
  </datafield>
  <datafield tag="040" ind1=" " ind2=" ">
    <subfield code="a">NNC</subfield>
    <subfield code="b">eng</subfield>
    <subfield code="c">NNC</subfield>
  </datafield>
  <datafield tag="100" ind1="1" ind2=" ">
    <subfield code="a">Marinina, Aleksandra.</subfield>
    <subfield code="t">Voi︠u︡shchie psy odinochestva.</subfield>
    <subfield code="l">Latvian</subfield>
  </datafield>
  <datafield tag="400" ind1="1" ind2=" ">
    <subfield code="a">Marinina, Aleksandra.</subfield>
    <subfield code="t">Vientulības gaudojošie sun̦i</subfield>
  </datafield>
  <datafield tag="670" ind1=" " ind2=" ">
    <subfield code="a">Vientulības gaudojošie sun̦i, 2006.</subfield>
  </datafield>
</record>